@inproceedings{UncertainSurvey,
  title={A comparative study of uncertain knowledge representation methods},
  author={Li, Fengru and Xie, Wei and Jiang, Yaqin and Fan, Zhe},
  booktitle={2020 IEEE 4th Information Technology, Networking, Electronic and Automation Control Conference (ITNEC)},
  volume={1},
  pages={2038--2042},
  year={2020},
  organization={IEEE}
}

@incollection{UncertainChapter10,
  title={Addressing uncertainty challenges for autonomous driving in real-world environments},
  author={Suk, Ho and Lee, Yerin and Kim, Taewoo and Kim, Shiho},
  booktitle={Advances in Computers},
  volume={134},
  pages={317--361},
  year={2024},
  publisher={Elsevier}
}

@article{OnboardMitigation,
  title={Uncertainties in onboard algorithms for autonomous vehicles: Challenges, mitigation, and perspectives},
  author={Yang, Kai and Tang, Xiaolin and Li, Jun and Wang, Hong and Zhong, Guichuan and Chen, Jiaxin and Cao, Dongpu},
  journal={IEEE Transactions on Intelligent Transportation Systems},
  volume={24},
  number={9},
  pages={8963--8987},
  year={2023},
  publisher={IEEE}
}

@inproceedings{OnboardMitigation_2,
  title={Velocity occupancy space: Robot navigation and moving obstacle avoidance with sensor uncertainty},
  author={Bis, Rachael and Peng, Huei and Ulsoy, Galip},
  booktitle={Dynamic Systems and Control Conference},
  volume={48920},
  pages={363--370},
  year={2009}
}

@inproceedings{OnboardMitigation_3,
  title={Lidar-based object detection failure tolerated autonomous driving planning system},
  author={Cao, Zhong and Liu, Jiaxin and Zhou, Weitao and Jiao, Xinyu and Yang, Diange},
  booktitle={2021 IEEE intelligent vehicles symposium (IV)},
  pages={122--128},
  year={2021},
  organization={IEEE}
}

@article{OnboardMitigation_4,
  title={PNNUAD: Perception neural networks uncertainty aware decision-making for autonomous vehicle},
  author={Liu, Jiaxin and Wang, Hong and Peng, Liang and Cao, Zhong and Yang, Diange and Li, Jun},
  journal={IEEE Transactions on Intelligent Transportation Systems},
  volume={23},
  number={12},
  pages={24355--24368},
  year={2022},
  publisher={IEEE}
}

@article{OnboardMitigation_5,
  title={Bayesian convolutional neural networks with Bernoulli approximate variational inference},
  author={Gal, Yarin and Ghahramani, Zoubin},
  journal={arXiv preprint arXiv:1506.02158},
  year={2015}
}

@article{scalabilityML,
  author = {Shivashankar, Karthik and Al Hajj, Ghadi and Martini, Antonio},
  title = {Maintainability and Scalability in Machine Learning: Challenges and Solutions},
  year = {2025},
  publisher = {Association for Computing Machinery},
  issn = {0360-0300},
  journal = {ACM Comput. Surv.},
}

@inproceedings{PathPlanSubdivision,
  title={Path Planning in a Weighted Planar Subdivision Under the Manhattan Metric.},
  author={Davoodi, Mansoor and Enamzadeh, Hosein and Safari, Ashkan},
  booktitle={CCCG},
  pages={80--86},
  year={2020}
}

@book{discreteHandbook,
  title={Handbook of discrete and combinatorial mathematics},
  author={Rosen, Kenneth H},
  year={2017},
  publisher={CRC press}
}

% --- ---

@article{tang2022driving,
  title={Driving environment uncertainty-aware motion planning for autonomous vehicles},
  author={Tang, Xiaolin and Yang, Kai and Wang, Hong and Yu, Wenhao and Yang, Xin and Liu, Teng and Li, Jun},
  journal={Chinese Journal of Mechanical Engineering},
  volume={35},
  number={1},
  pages={120},
  year={2022},
  publisher={Springer}
}

@article{vargas2021overview,
  title={An overview of autonomous vehicles sensors and their vulnerability to weather conditions},
  author={Vargas, Jorge and Alsweiss, Suleiman and Toker, Onur and Razdan, Rahul and Santos, Joshua},
  journal={Sensors},
  volume={21},
  number={16},
  pages={5397},
  year={2021},
  publisher={MDPI}
}

@inproceedings{han2022non,
  title={Non-gaussian risk bounded trajectory optimization for stochastic nonlinear systems in uncertain environments},
  author={Han, Weiqiao and Jasour, Ashkan and Williams, Brian},
  booktitle={2022 International Conference on Robotics and Automation (ICRA)},
  pages={11044--11050},
  year={2022},
  organization={IEEE}
}

@article{tahir2024object,
  title={Object detection in autonomous vehicles under adverse weather: a review of traditional and deep learning approaches},
  author={Tahir, Noor Ul Ain and Zhang, Zuping and Asim, Muhammad and Chen, Junhong and ELAffendi, Mohammed},
  journal={Algorithms},
  volume={17},
  number={3},
  pages={103},
  year={2024},
  publisher={MDPI}
}

@phdthesis{itkina2022uncertainty,
  title={Uncertainty-aware Spatiotemporal Perception for Autonomous Vehicles},
  author={Itkina, Mikhal},
  year={2022},
  school={Stanford University}
}

@article{alharbi2020global,
  title={A global path planner for safe navigation of autonomous vehicles in uncertain environments},
  author={Alharbi, Mohammed and Karimi, Hassan A},
  journal={Sensors},
  volume={20},
  number={21},
  pages={6103},
  year={2020},
  publisher={MDPI}
}

@article{wang2021risk,
  title={Risk assessment and mitigation in local path planning for autonomous vehicles with LSTM based predictive model},
  author={Wang, Hong and Lu, Bing and Li, Jun and Liu, Teng and Xing, Yang and Lv, Chen and Cao, Dongpu and Li, Jingxuan and Zhang, Jinwei and Hashemi, Ehsan},
  journal={IEEE Transactions on Automation Science and Engineering},
  volume={19},
  number={4},
  pages={2738--2749},
  year={2021},
  publisher={IEEE}
}

@article{vertexWeighted_1,
  title={Vertex-Weighted graphs and their applications},
  author={Knisley, Jeff R and Knisley, Debra J},
  journal={Utilitas Mathematica},
  volume={94},
  number={07},
  year={2014}
}

@inproceedings{vertexWeighted_2,
  title={All-pairs bottleneck paths in vertex weighted graphs},
  author={Shapira, Asaf and Yuster, Raphael and Zwick, Uri},
  booktitle={SODA},
  volume={7},
  pages={978--985},
  year={2007}
}

@book{vertexWeighted_3,
  title={Algorithms for vertex-weighted matching in graphs},
  author={Halappanavar, Mahantesh},
  year={2009},
  publisher={Old Dominion University}
}

@Article{sensor,
  author = {Liang, Liang and Ma, Haihua and Zhao, Le and Xie, Xiaopeng and Hua, Chengxin and Zhang, Miao and Zhang, Yonghui},
  title = {Vehicle Detection Algorithms for Autonomous Driving: A Review},
  journal = {Sensors},
  volume = {24},
  year = {2024},
  number = {10},
  article-number = {3088},
  url = {https://www.mdpi.com/1424-8220/24/10/3088},
  pubmedid = {38793942},
  issn = {1424-8220}
}

@misc{py-carla,
  author = {carla-simulator},
  title = {Carla},
  url = {https://github.com/carla-simulator/carla/tree/master/PythonAPI/carla/agents/navigation},
}

@misc{scenarios-carla,
  author = {Carla},
  title = {Traffic Scenarios},
  url = {https://github.com/carla-simulator/carla/tree/master/PythonAPI/carla/agents/navigation},
}

@misc{eval-carla,
  author = {Carla},
  title = {Carla Driving Challenge Evaluation},
  url = {https://leaderboard.carla.org/evaluation_v2_1/},
}